<record><leader>00000cas a2200000 a 4500</leader><controlfield tag="001">36822892</controlfield><controlfield tag="008">970429d19111919oruwr ne      0   a0eng c</controlfield><datafield ind1=" " ind2=" " tag="010"><subfield code="a">sn 96088232 </subfield></datafield><datafield ind1=" " ind2=" " tag="040"><subfield code="a">SOS</subfield><subfield code="b">eng</subfield><subfield code="c">SOS</subfield><subfield code="d">OCN</subfield><subfield code="d">OCLCQ</subfield><subfield code="d">OCLCF</subfield><subfield code="d">OCLCO</subfield><subfield code="d">OCL</subfield></datafield><datafield ind1=" " ind2=" " tag="042"><subfield code="a">pcc</subfield></datafield><datafield ind1=" " ind2=" " tag="043"><subfield code="a">n-us-or</subfield></datafield><datafield ind1=" " ind2=" " tag="090"><subfield code="a">AN2</subfield><subfield code="b">.V34x</subfield></datafield><datafield ind1="0" ind2=" " tag="130"><subfield code="a">Ashland record (Ashland, Or.)</subfield></datafield><datafield ind1="1" ind2="0" tag="245"><subfield code="a">Ashland record.</subfield></datafield><datafield ind1=" " ind2=" " tag="260"><subfield code="a">Ashland, Or. :</subfield><subfield code="b">Charles B. Wolf</subfield></datafield><datafield ind1=" " ind2=" " tag="300"><subfield code="a">v. :</subfield><subfield code="b">ill.</subfield></datafield><datafield ind1=" " ind2=" " tag="310"><subfield code="a">Weekly</subfield></datafield><datafield ind1="1" ind2=" " tag="362"><subfield code="a">Began in 1911; ceased in 1919.</subfield><subfield code="z">Cf. Turnbull, G. History of Oregon newspapers.</subfield></datafield><datafield ind1=" " ind2=" " tag="588"><subfield code="a">Description based on: Vol. 24, no. 27 (Oct. 25, 1911).</subfield></datafield><datafield ind1=" " ind2="0" tag="651"><subfield code="a">Ashland (Or.)</subfield><subfield code="v">Newspapers.</subfield></datafield><datafield ind1=" " ind2="7" tag="651"><subfield code="a">Oregon</subfield><subfield code="z">Ashland.</subfield><subfield code="2">fast</subfield><subfield code="0">(OCoLC)fst01207489</subfield></datafield><datafield ind1=" " ind2="7" tag="655"><subfield code="a">Newspapers</subfield><subfield code="2">fast</subfield><subfield code="0">(OCoLC)fst01423814</subfield></datafield><datafield ind1=" " ind2=" " tag="752"><subfield code="a">United States</subfield><subfield code="b">Oregon</subfield><subfield code="c">Jackson</subfield><subfield code="d">Ashland.</subfield></datafield><datafield ind1="0" ind2="0" tag="780"><subfield code="a">Valley record</subfield><subfield code="w">(DLC)sn 96088226</subfield></datafield></record>